<?xml version="1.0" encoding="UTF-8"?><collection xmlns="http://www.loc.gov/MARC21/slim"><record><leader>00420nam--2200169-i-4500</leader><controlfield tag="001">000009783</controlfield><controlfield tag="002">20161230</controlfield><controlfield tag="005">20161230201028</controlfield><controlfield tag="008">060222s1000------------r-----000-0-eng-d</controlfield><datafield ind1=" " ind2=" " tag="040"><subfield code="a">IFIN-HH</subfield></datafield><datafield ind1=" " ind2=" " tag="080"><subfield code="a">802.0</subfield></datafield><datafield ind1="1" ind2=" " tag="100"><subfield code="a">Brasnett, Clive</subfield></datafield><datafield ind1="1" ind2="0" tag="245"><subfield code="a">English for enginners</subfield><subfield code="c">Clive brasnett</subfield></datafield><datafield ind1=" " ind2=" " tag="260"><subfield code="a">London</subfield><subfield code="b">Methuen Educational Ltd</subfield><subfield code="c">1970</subfield></datafield><datafield ind1=" " ind2=" " tag="300"><subfield code="a">144 P</subfield></datafield><datafield ind1=" " ind2=" " tag="852"><subfield code="a">35397</subfield><subfield code="c">4</subfield></datafield><datafield ind1=" " ind2=" " tag="CAT"><subfield code="a">Sys</subfield><subfield code="c">20130201</subfield><subfield code="h">111951</subfield></datafield></record></collection>